
<record>
  <controlfield tag="001">352710</controlfield>
  <datafield tag="035" ind1=" " ind2=" ">
    <subfield code="a">Bartelt:1993zs</subfield>
    <subfield code="9">SPIRESTeX</subfield>
  </datafield>
  <datafield tag="710" ind1=" " ind2=" ">
    <subfield code="g">CLEO</subfield>
  </datafield>
  <datafield tag="037" ind1=" " ind2=" ">
    <subfield code="a">CLEO-93-19</subfield>
  </datafield>
  <datafield tag="245" ind1=" " ind2=" ">
    <subfield code="a">Inclusive measurement of B mesons semileptonic branching fractions</subfield>
  </datafield>
</record>

</collection>